@online{ROSKenetic,
	author = {DHood},
	title = {Ubuntu Installation of ROS Kenetic},
	date = {2017-07-25},
	url = {http://wiki.ros.org/kinetic/Installation/Ubuntu},
}

@online{MicrosoftCSharp,
	author = {mairaw and guardrex and BillWagner and tompratt-AQ and mikeblome and isaac2004},
	title = {Introduction to the C\# Language and the .NET Framework},
	date = {2015-07-20},
	url = {https://docs.microsoft.com/en-us/dotnet/csharp/getting-started/introduction-to-the-csharp-language-and-the-net-framework},
}

@online{CSharpGraphics,
	author = {Net-informations.com},
	title = {C\# Graphical User Interface Tutorial},
	date = {2017-11-24},
	url = {http://csharp.net-informations.com/gui/gui_tutorial.htm},
}

@online{CSharpLinux,
	author = {John Cook},
	title = {Efficency of C\# on Linux},
	date = {2016-10-06},
	url = {https://www.johndcook.com/blog/2016/10/06/efficiency-of-c-sharp-on-linux/},
}

@online{WhatIsJava,
	author = {Oracle Corporation},
	title = {What Is Java},
	date = {2017-11-24},
	url = {https://www.java.com/en/download/faq/whatis_java.xml},
}

@online{JavaGraphics,
	author = {Mauro Marinilli},
	title = {Swing and SWT: A Tale of Two Java GUI Libraries},
	date = {2003-04-09},
	url = {https://www.developer.com/java/other/article.php/2179061/Swing-and-SWT-A-Tale-of-Two-Java-GUI-Libraries.htm},
}

@online{JavaIDE,
	author = {Martin Heller},
	title = {Choosing your Java IDE},
	date = {2016-09-06},
	url = {https://www.javaworld.com/article/3114167/development-tools/choosing-your-java-ide.html},
}

@online{JavaVPython,
	author = {Natalie Lehrer},
	title = {Which is Easier to Learn, Java or Python?},
	date = {2013-10-13},
	url = {https://www.hostgator.com/blog/easier-learn-java-python/},
}

@online{JavaGettingStarted,
	author = {Oracle},
	title = {Setting Up and Getting Started in Java Programming},
	date = {2017-11-24},
	url = {http://www.oracle.com/technetwork/topics/newtojava/learn-141096.html},
}

@online{ROSpy,
	author = {ROS.org},
	title = {rospy Package Summary},
	date = {2017-11-08},
	url = {http://wiki.ros.org/rospy},
}

@online{Tkinter,
	author = {Tutorials Point},
	title = {Python - GUI Programming (Tkinter)},
	date = {2017-11-24},
	url = {https://www.tutorialspoint.com/python/python_gui_programming.htm},
}

@online{AboutSQLite,
	author = {SQLite},
	title = {About SQLite},
	date = {2017-11-24},
	url = {https://www.sqlite.org/about.html},
}

@online{SQLitePython,
	author= {Andres Torres},
	title = {Introduction to SQLite in Python},
	date = {2013-12-12},
	url = {http://www.pythoncentral.io/introduction-to-sqlite-in-python/},
}

@online{SQLiteTutorial,
	author = {SQLite Tutorial},
	title = {SQLite Sample Database},
	date = {2015-11-29},
	url = {http://www.sqlitetutorial.net/download/sqlite-sample-database/},
}

@online{WhatIsMySql,
	author = {MySQL Server},
	title = {What is MySQL},
	date = {2017-11-24},
	url = {https://dev.mysql.com/doc/refman/5.7/en/what-is-mysql.html},
}

@online{MySQLForPython,
	author = {MySQL},
	title = {MySQL Connector/Python Developer Guide},
	date = {2017-11-24},
	url = {https://dev.mysql.com/doc/connector-python/en/},
}

@online{WhatIsNoSQL,
	author = {NoSQL-Database.org},
	title = {List of NoSQL Databases},
	date = {2017-11-24}, 
	url = {http://nosql-database.org/},
}

@online{MongoDB,
	author = {Scott Robinson},
	title = {Introduction to MongoDB and Python},
	date = {2016-12-12},
	url = {https://realpython.com/blog/python/introduction-to-mongodb-and-python/},
}

@online{BerkleyDB,
	author = {Oracle},
	title = {BerkleyDB Products},
	date = {2017-11-24},
	url = {https://www.oracle.com/database/berkeley-db/index.html},
}

@online{UnQLite,
	author = {Symisc},
	title = {About UnQLite},
	date = {2017-11-24},
	url = {https://unqlite.org/},
}