@online{1,
	author = {Anthony R. Cassandra},
	title = {POMDP FAQ},
	date = {2017-11-02},
	url = {http://www.pomdp.org/faq.html},
}

@online{2,
	author = {Oregon State University Personal Robotics Group},
	title = {Project Chiron},
	url = {http://research.engr.oregonstate.edu/prg/project-chiron},
}
